@article{Alduino:2017ehq,
      author         = "Alduino, C. and others",
      title          = "{First Results from CUORE: A Search for Lepton Number
                        Violation via $0\nu\beta\beta$ Decay of $^{130}$Te}",
      collaboration  = "CUORE",
      year           = "2017",
      eprint         = "1710.07988",
      archivePrefix  = "arXiv",
      primaryClass   = "nucl-ex",
      SLACcitation   = "%%CITATION = ARXIV:1710.07988;%%"
}
@article{Li:2016yey,
	author         = "Li, V. A. and others",
	title          = "{Invited Article: miniTimeCube}",
	booktitle      = "{16th International Conference on Ion Sources New York
		City, New York , United States, August 23-28, 2015}",
	collaboration  = "mTC",
	journal        = "Rev. Sci. Instrum.",
	volume         = "87",
	year           = "2016",
	number         = "2",
	pages          = "021301",
	doi            = "10.1063/1.4942243",
	eprint         = "1602.01405",
	archivePrefix  = "arXiv",
	primaryClass   = "physics.ins-det",
	SLACcitation   = "%%CITATION = ARXIV:1602.01405;%%"
}
@article{Gando:2016zhq,
	author         = "Gando, A. and others",
	title          = "{Search for electron antineutrinos associated with
		gravitational wave events GW150914 and GW151226 using
		KamLAND}",
	collaboration  = "KamLAND",
	journal        = "Astrophys. J.",
	volume         = "829",
	year           = "2016",
	number         = "2",
	pages          = "L34",
	doi            = "10.3847/2041-8205/829/2/L34",
	eprint         = "1606.07155",
	archivePrefix  = "arXiv",
	primaryClass   = "astro-ph.HE",
	SLACcitation   = "%%CITATION = ARXIV:1606.07155;%%"
}
@article{TheKamLAND-Zen:2015eva,
      author         = "Asakura, K. and others",
      title          = "{Search for the proton decay mode $p \rightarrow
                        \overline{\nu} K^{+}$ with KamLAND}",
      collaboration  = "KamLAND",
      journal        = "Phys. Rev.",
      volume         = "D92",
      year           = "2015",
      number         = "5",
      pages          = "052006",
      doi            = "10.1103/PhysRevD.92.052006",
      eprint         = "1505.03612",
      archivePrefix  = "arXiv",
      primaryClass   = "hep-ex",
      SLACcitation   = "%%CITATION = ARXIV:1505.03612;%%"
}
@article{Asakura:2015bga,
      author         = "Asakura, K. and others",
      title          = "{KamLAND Sensitivity to Neutrinos from Pre-Supernova
                        Stars}",
      collaboration  = "KamLAND",
      journal        = "Astrophys. J.",
      volume         = "818",
      year           = "2016",
      number         = "1",
      pages          = "91",
      doi            = "10.3847/0004-637X/818/1/91",
      eprint         = "1506.01175",
      archivePrefix  = "arXiv",
      primaryClass   = "astro-ph.HE",
      SLACcitation   = "%%CITATION = ARXIV:1506.01175;%%"
}
@article{Lane:2015alq,
	author         = "Lane, C. and others",
	title          = "{A new type of Neutrino Detector for Sterile Neutrino
		Search at Nuclear Reactors and Nuclear Nonproliferation
		Applications}",
	collaboration  = "NuLat",
	year           = "2015",
	eprint         = "1501.06935",
	archivePrefix  = "arXiv",
	primaryClass   = "physics.ins-det",
	SLACcitation   = "%%CITATION = ARXIV:1501.06935;%%"
}
@article{Asakura:2015fua,
      author         = "Asakura, K. and others",
      title          = "{Study of electron anti-neutrinos associated with
                        gamma-ray bursts using KamLAND}",
      collaboration  = "KamLAND",
      journal        = "Astrophys. J.",
      volume         = "806",
      year           = "2015",
      number         = "1",
      pages          = "87",
      doi            = "10.1088/0004-637X/806/1/87",
      eprint         = "1503.02137",
      archivePrefix  = "arXiv",
      primaryClass   = "astro-ph.HE",
      SLACcitation   = "%%CITATION = ARXIV:1503.02137;%%"
}
@article{Banks:2014hra,
      author         = "Banks, T. I. and others",
      title          = "{A compact ultra-clean system for deploying radioactive
                        sources inside the KamLAND detector}",
      journal        = "Nucl. Instrum. Meth.",
      volume         = "A769",
      year           = "2015",
      pages          = "88-96",
      doi            = "10.1016/j.nima.2014.09.068",
      eprint         = "1407.0413",
      archivePrefix  = "arXiv",
      primaryClass   = "physics.ins-det",
      SLACcitation   = "%%CITATION = ARXIV:1407.0413;%%"
}
@article{Gando:2014wjd,
      author         = "Gando, A. and others",
      title          = "{$^7$Be Solar Neutrino Measurement with KamLAND}",
      collaboration  = "KamLAND",
      journal        = "Phys. Rev.",
      volume         = "C92",
      year           = "2015",
      number         = "5",
      pages          = "055808",
      doi            = "10.1103/PhysRevC.92.055808",
      eprint         = "1405.6190",
      archivePrefix  = "arXiv",
      primaryClass   = "hep-ex",
      SLACcitation   = "%%CITATION = ARXIV:1405.6190;%%"
}
@article{Abe:2011em,
      author         = "Abe, S. and others",
      title          = "{Measurement of the 8B Solar Neutrino Flux with the
                        KamLAND Liquid Scintillator Detector}",
      collaboration  = "KamLAND",
      journal        = "Phys. Rev.",
      volume         = "C84",
      year           = "2011",
      pages          = "035804",
      doi            = "10.1103/PhysRevC.84.035804",
      eprint         = "1106.0861",
      archivePrefix  = "arXiv",
      primaryClass   = "hep-ex",
      SLACcitation   = "%%CITATION = ARXIV:1106.0861;%%"
}
@article{Kumar:2011hi,
      author         = "Kumar, Jason and Learned, John G. and Sakai, Michinari
                        and Smith, Stefanie",
      title          = "{Dark Matter Detection With Electron Neutrinos in Liquid
                        Scintillation Detectors}",
      journal        = "Phys. Rev.",
      volume         = "D84",
      year           = "2011",
      pages          = "036007",
      doi            = "10.1103/PhysRevD.84.036007",
      eprint         = "1103.3270",
      archivePrefix  = "arXiv",
      primaryClass   = "hep-ph",
      reportNumber   = "UH-511-1165-2011",
      SLACcitation   = "%%CITATION = ARXIV:1103.3270;%%"
}
