@article{Sakai:2019abc,
	author = "Sakai (corresponding author), M. and others",
	title = "{Directional Neutrino Detection and Topological Event
		Reconstruction Methods for GeV Scale Neutrinos in KamLAND}",
	collaboration = "KamLAND",
	journal = "Draft currently in preparation",
	year = "2020 (tentative)",
}
@article{Alduino:2018skz,
      author         = "Alduino, C. and others",
      title          = "{Study of Rare Nuclear Processes with CUORE}",
      collaboration  = "CUORE",
      journal        = "Submitted to: Int. J. Mod. Phys. A",
      year           = "2018",
      eprint         = "1801.05403",
      archivePrefix  = "arXiv",
      primaryClass   = "nucl-ex",
      SLACcitation   = "%%CITATION = ARXIV:1801.05403;%%",
	  note = {\href{https://arxiv.org/abs/1801.05403}{https://arxiv.org/abs/1801.05403}},
}
@article{Alduino:2017ehq,
      author         = "Alduino, C. and others",
      title          = "{First Results from CUORE: A Search for Lepton Number
                        Violation via $0\nu\beta\beta$ Decay of $^{130}$Te}",
      collaboration  = "CUORE",
      journal        = "Phys. Rev. Lett.",
      volume         = "120",
      year           = "2018",
      number         = "13",
      pages          = "132501",
      doi            = "10.1103/PhysRevLett.120.132501",
      eprint         = "1710.07988",
      archivePrefix  = "arXiv",
      primaryClass   = "nucl-ex",
      SLACcitation   = "%%CITATION = ARXIV:1710.07988;%%",
	  note = {\href{https://journals.aps.org/prl/abstract/10.1103/PhysRevLett.120.132501}{https://journals.aps.org/prl/abstract/10.1103/PhysRevLett.120.132501}},
}
@article{Alduino:2017mnz,
      author         = "Alduino, C. and others",
      title          = "{Search for Neutrinoless $\beta^{+}\hspace{-0.2em}EC$
                        Decay of $^{120}$Te with CUORE-0}",
      collaboration  = "CUORE",
      year           = "2017",
      eprint         = "1710.07459",
      archivePrefix  = "arXiv",
      primaryClass   = "nucl-ex",
      SLACcitation   = "%%CITATION = ARXIV:1710.07459;%%",
	  note = {\href{https://journals.aps.org/prc/abstract/10.1103/PhysRevC.97.055502}{https://journals.aps.org/prc/abstract/10.1103/PhysRevC.97.055502}},
}
article{Moggi:2017ani,
      author         = "Moggi, N. and others",
      title          = "{Results from CUORE and CUORE-0}",
      booktitle      = "{Proceedings, Matrix Elements for the Double beta decay
                        Experiments (MEDEX'17): Prague, Czech Republic}",
      journal        = "AIP Conf. Proc.",
      volume         = "1894",
      year           = "2017",
      number         = "1",
      pages          = "020016",
      doi            = "10.1063/1.5007641",
      SLACcitation   = "%%CITATION = APCPC,1894,020016;%%"
}
@article{Alduino:2017xpk,
      author         = "Alduino, C. and others",
      title          = "{Low Energy Analysis Techniques for CUORE}",
      journal        = "Eur. Phys. J.",
      volume         = "C77",
      year           = "2017",
      number         = "12",
      pages          = "857",
      doi            = "10.1140/epjc/s10052-017-5433-1",
      eprint         = "1708.07809",
      archivePrefix  = "arXiv",
      primaryClass   = "physics.ins-det",
      SLACcitation   = "%%CITATION = ARXIV:1708.07809;%%",
	  note = {\href{https://link.springer.com/article/10.1140/epjc/s10052-017-5433-1}{https://link.springer.com/article/10.1140/epjc/s10052-017-5433-1}},
}
@article{Alduino:2017pni,
      author         = "Alduino, C. and others",
      title          = "{CUORE sensitivity to $0\nu \beta \beta $ decay}",
      collaboration  = "CUORE",
      journal        = "Eur. Phys. J.",
      volume         = "C77",
      year           = "2017",
      number         = "8",
      pages          = "532",
      doi            = "10.1140/epjc/s10052-017-5098-9",
      eprint         = "1705.10816",
      archivePrefix  = "arXiv",
      primaryClass   = "physics.ins-det",
      SLACcitation   = "%%CITATION = ARXIV:1705.10816;%%",
	  note = {\href{https://link.springer.com/article/10.1140/epjc/s10052-017-5098-9}{https://link.springer.com/article/10.1140/epjc/s10052-017-5098-9}},
}
@article{Alduino:2017qet,
      author         = "Alduino, C. and others",
      title          = "{The projected background for the CUORE experiment}",
      collaboration  = "CUORE",
      journal        = "Eur. Phys. J.",
      volume         = "C77",
      year           = "2017",
      number         = "8",
      pages          = "543",
      doi            = "10.1140/epjc/s10052-017-5080-6",
      eprint         = "1704.08970",
      archivePrefix  = "arXiv",
      primaryClass   = "physics.ins-det",
      SLACcitation   = "%%CITATION = ARXIV:1704.08970;%%",
	  note = {\href{https://link.springer.com/article/10.1140/epjc/s10052-017-5080-6}{https://link.springer.com/article/10.1140/epjc/s10052-017-5080-6}},
}
@article{Li:2016yey,
	author         = "Li, V. A. and others",
	title          = "{Invited Article: miniTimeCube}",
	booktitle      = "{16th International Conference on Ion Sources New York
		City, New York , United States, August 23-28, 2015}",
	collaboration  = "mTC",
	journal        = "Rev. Sci. Instrum.",
	volume         = "87",
	year           = "2016",
	number         = "2",
	pages          = "021301",
	doi            = "10.1063/1.4942243",
	eprint         = "1602.01405",
	archivePrefix  = "arXiv",
	primaryClass   = "physics.ins-det",
	SLACcitation   = "%%CITATION = ARXIV:1602.01405;%%",
	note = {\href{https://aip.scitation.org/doi/abs/10.1063/1.4942243}{https://aip.scitation.org/doi/abs/10.1063/1.4942243}},
}
@article{Gando:2016zhq,
	author         = "Gando, A. and others",
	title          = "{Search for electron antineutrinos associated with
		gravitational wave events GW150914 and GW151226 using
		KamLAND}",
	collaboration  = "KamLAND",
	journal        = "Astrophys. J.",
	volume         = "829",
	year           = "2016",
	number         = "2",
	pages          = "L34",
	doi            = "10.3847/2041-8205/829/2/L34",
	eprint         = "1606.07155",
	archivePrefix  = "arXiv",
	primaryClass   = "astro-ph.HE",
	SLACcitation   = "%%CITATION = ARXIV:1606.07155;%%",
	note = {\href{https://aip.scitation.org/doi/abs/10.1063/1.4942243}{https://aip.scitation.org/doi/abs/10.1063/1.4942243}},
}
@article{TheKamLAND-Zen:2015eva,
      author         = "Asakura, K. and others",
      title          = "{Search for the proton decay mode $p \rightarrow
                        \overline{\nu} K^{+}$ with KamLAND}",
      collaboration  = "KamLAND",
      journal        = "Phys. Rev.",
      volume         = "D92",
      year           = "2015",
      number         = "5",
      pages          = "052006",
      doi            = "10.1103/PhysRevD.92.052006",
      eprint         = "1505.03612",
      archivePrefix  = "arXiv",
      primaryClass   = "hep-ex",
      SLACcitation   = "%%CITATION = ARXIV:1505.03612;%%",
	  note = {\href{https://journals.aps.org/prd/abstract/10.1103/PhysRevD.92.052006}{https://journals.aps.org/prd/abstract/10.1103/PhysRevD.92.052006}},
}
@article{Asakura:2015bga,
      author         = "Asakura, K. and others",
      title          = "{KamLAND Sensitivity to Neutrinos from Pre-Supernova
                        Stars}",
      collaboration  = "KamLAND",
      journal        = "Astrophys. J.",
      volume         = "818",
      year           = "2016",
      number         = "1",
      pages          = "91",
      doi            = "10.3847/0004-637X/818/1/91",
      eprint         = "1506.01175",
      archivePrefix  = "arXiv",
      primaryClass   = "astro-ph.HE",
      SLACcitation   = "%%CITATION = ARXIV:1506.01175;%%",
	  note = {\href{https://iopscience.iop.org/article/10.3847/0004-637X/818/1/91}{https://iopscience.iop.org/article/10.3847/0004-637X/818/1/91}},
}
@article{Lane:2015alq,
	author         = "Lane, C. and others",
	title          = "{A new type of Neutrino Detector for Sterile Neutrino
		Search at Nuclear Reactors and Nuclear Nonproliferation
		Applications}",
	collaboration  = "NuLat",
	year           = "2015",
	eprint         = "1501.06935",
	archivePrefix  = "arXiv",
	primaryClass   = "physics.ins-det",
	SLACcitation   = "%%CITATION = ARXIV:1501.06935;%%",
	note = {\href{https://arxiv.org/abs/1501.06935}{https://arxiv.org/abs/1501.06935}},
}
@article{Asakura:2015fua,
      author         = "Asakura, K. and others",
      title          = "{Study of electron anti-neutrinos associated with
                        gamma-ray bursts using KamLAND}",
      collaboration  = "KamLAND",
      journal        = "Astrophys. J.",
      volume         = "806",
      year           = "2015",
      number         = "1",
      pages          = "87",
      doi            = "10.1088/0004-637X/806/1/87",
      eprint         = "1503.02137",
      archivePrefix  = "arXiv",
      primaryClass   = "astro-ph.HE",
      SLACcitation   = "%%CITATION = ARXIV:1503.02137;%%",
	  note = {\href{https://iopscience.iop.org/article/10.1088/0004-637X/806/1/87/meta}{https://iopscience.iop.org/article/10.1088/0004-637X/806/1/87/meta}},
}
@article{Banks:2014hra,
      author         = "Banks, T. I. and others",
      title          = "{A compact ultra-clean system for deploying radioactive
                        sources inside the KamLAND detector}",
      journal        = "Nucl. Instrum. Meth.",
      volume         = "A769",
      year           = "2015",
      pages          = "88-96",
      doi            = "10.1016/j.nima.2014.09.068",
      eprint         = "1407.0413",
      archivePrefix  = "arXiv",
      primaryClass   = "physics.ins-det",
      SLACcitation   = "%%CITATION = ARXIV:1407.0413;%%",
	  note = {\href{https://www.sciencedirect.com/science/article/pii/S0168900214011000}{https://www.sciencedirect.com/science/article/pii/S0168900214011000}},
}
@article{Gando:2014wjd,
      author         = "Gando, A. and others",
      title          = "{$^7$Be Solar Neutrino Measurement with KamLAND}",
      collaboration  = "KamLAND",
      journal        = "Phys. Rev.",
      volume         = "C92",
      year           = "2015",
      number         = "5",
      pages          = "055808",
      doi            = "10.1103/PhysRevC.92.055808",
      eprint         = "1405.6190",
      archivePrefix  = "arXiv",
      primaryClass   = "hep-ex",
      SLACcitation   = "%%CITATION = ARXIV:1405.6190;%%",
	  note = {\href{https://journals.aps.org/prc/abstract/10.1103/PhysRevC.92.055808}{https://journals.aps.org/prc/abstract/10.1103/PhysRevC.92.055808}},
}
@article{Abe:2011em,
      author         = "Abe, S. and others",
      title          = "{Measurement of the 8B Solar Neutrino Flux with the
                        KamLAND Liquid Scintillator Detector}",
      collaboration  = "KamLAND",
      journal        = "Phys. Rev.",
      volume         = "C84",
      year           = "2011",
      pages          = "035804",
      doi            = "10.1103/PhysRevC.84.035804",
      eprint         = "1106.0861",
      archivePrefix  = "arXiv",
      primaryClass   = "hep-ex",
      SLACcitation   = "%%CITATION = ARXIV:1106.0861;%%",
	  note = {\href{https://arxiv.org/abs/1106.0861}{https://arxiv.org/abs/1106.0861}},
}
@article{Kumar:2011hi,
      author         = "Kumar, Jason and Learned, John G. and Sakai, Michinari
                        and Smith, Stefanie",
      title          = "{Dark Matter Detection With Electron Neutrinos in Liquid
                        Scintillation Detectors}",
      journal        = "Phys. Rev.",
      volume         = "D84",
      year           = "2011",
      pages          = "036007",
      doi            = "10.1103/PhysRevD.84.036007",
      eprint         = "1103.3270",
      archivePrefix  = "arXiv",
      primaryClass   = "hep-ph",
      reportNumber   = "UH-511-1165-2011",
      SLACcitation   = "%%CITATION = ARXIV:1103.3270;%%",
	  note = {\href{https://journals.aps.org/prd/abstract/10.1103/PhysRevD.84.036007}{https://journals.aps.org/prd/abstract/10.1103/PhysRevD.84.036007}},
}
